<?xml version="1.0" encoding="UTF-8"?><collection xmlns="http://www.loc.gov/MARC21/slim"><record><leader>00374nam--2200157-i-4500</leader><controlfield tag="001">000003533</controlfield><controlfield tag="002">20161230</controlfield><controlfield tag="005">20170113234946</controlfield><controlfield tag="008">060222s1000------------r-----000-0-eng-d</controlfield><datafield ind1=" " ind2=" " tag="245"><subfield code="a">Waveforms. ed...</subfield></datafield><datafield ind1=" " ind2=" " tag="260"><subfield code="a">New York</subfield><subfield code="b">Mc Graw Hill</subfield><subfield code="c">1949</subfield></datafield><datafield ind1=" " ind2=" " tag="300"><subfield code="a">XXII+785 p</subfield></datafield><datafield ind1=" " ind2=" " tag="490"><subfield code="a">Mit Rad.Lab.Series</subfield></datafield><datafield ind1=" " ind2=" " tag="700"><subfield code="a">Hughes, V</subfield></datafield><datafield ind1=" " ind2=" " tag="852"><subfield code="a">1608</subfield></datafield><datafield ind1=" " ind2=" " tag="CAT"><subfield code="a">SYS</subfield><subfield code="c">20170113</subfield><subfield code="h">234946</subfield></datafield></record></collection>